
@article{meng2016mllib,
  title={Mllib: Machine learning in apache spark},
  author={Meng, Xiangrui and Bradley, Joseph and Yavuz, Burak and Sparks, Evan and Venkataraman, Shivaram and Liu, Davies and Freeman, Jeremy and Tsai, DB and Amde, Manish and Owen, Sean and others},
  journal={The Journal of Machine Learning Research},
  volume={17},
  number={1},
  pages={1235--1241},
  year={2016},
  publisher={JMLR. org}
}

@inproceedings{armbrust2015spark,
  title={Spark sql: Relational data processing in spark},
  author={Armbrust, Michael and Xin, Reynold S and Lian, Cheng and Huai, Yin and Liu, Davies and Bradley, Joseph K and Meng, Xiangrui and Kaftan, Tomer and Franklin, Michael J and Ghodsi, Ali and others},
  booktitle={Proceedings of the 2015 ACM SIGMOD International Conference on Management of Data},
  pages={1383--1394},
  year={2015},
  organization={ACM}
}

@inproceedings{palkar2017weld,
  title={Weld: A common runtime for high performance data analytics},
  author={Palkar, Shoumik and Thomas, James J and Shanbhag, Anil and Narayanan, Deepak and Pirk, Holger and Schwarzkopf, Malte and Amarasinghe, Saman and Zaharia, Matei and InfoLab, Stanford},
  booktitle={Conference on Innovative Data Systems Research (CIDR)},
  year={2017}
}

@inproceedings{crotty2015tupleware,
  title={Tupleware:" Big" Data, Big Analytics, Small Clusters.},
  author={Crotty, Andrew and Galakatos, Alex and Dursun, Kayhan and Kraska, Tim and Cetintemel, Ugur and Zdonik, Stanley B},
  booktitle={CIDR},
  year={2015}
}

@inproceedings{qin2013scalable,
  title={Scalable i/o-bound parallel incremental gradient descent for big data analytics in glade},
  author={Qin, Chengie and Rusu, Florin},
  booktitle={Proc. 2nd Workshop Data Analytics in the Cloud},
  pages={16--20},
  year={2013},
  organization={ACM}
}

@inproceedings{feng2012towards,
  title={Towards a unified architecture for in-RDBMS analytics},
  author={Feng, Xixuan and Kumar, Arun and Recht, Benjamin and R{\'e}, Christopher},
  booktitle={ACM SIGMOD Conference},
  pages={325--336},
  year={2012},
  organization={ACM}
}

@article{qin2016dot,
  title={Dot-Product Join: An Array-Relation Join Operator for Big Model Analytics},
  author={Qin, Chengjie and Rusu, Florin},
  journal={arXiv preprint arXiv:1602.08845},
  year={2016}
}

@inproceedings{jermaine,
  title = {Scalable Linear Algebra on a Relational Database System},
  author={Luo, Shangyu and Gao, Zekai J and Gubanov, Michael and Perez, Luis L and Jermaine, Christopher},
  booktitle={ICDE},
  year={2017 (to appear)}
}

@article{boehm2016declarative,
  title={Declarative Machine Learning-A Classification of Basic Properties and Types},
  author={Boehm, Matthias and Evfimievski, Alexandre V and Pansare, Niketan and Reinwald, Berthold},
  journal={arXiv preprint arXiv:1605.05826},
  year={2016}
}

@article{boehm2016systemml,
  title={SystemML: Declarative machine learning on spark},
  author={Boehm, Matthias and Dusenberry, Michael W and Eriksson, Deron and Evfimievski, Alexandre V and Manshadi, Faraz Makari and Pansare, Niketan and Reinwald, Berthold and Reiss, Frederick R and Sen, Prithviraj and Surve, Arvind C and others},
  journal={Proceedings of the VLDB Endowment},
  volume={9},
  number={13},
  pages={1425--1436},
  year={2016},
  publisher={VLDB Endowment}
}

@inproceedings{gonzalez2014graphx,
  title={GraphX: Graph Processing in a Distributed Dataflow Framework.},
  author={Gonzalez, Joseph E and Xin, Reynold S and Dave, Ankur and Crankshaw, Daniel and Franklin, Michael J and Stoica, Ion},
  booktitle={OSDI},
  volume={14},
  pages={599--613},
  year={2014}
}

@article{dagum1998openmp,
  title={OpenMP: an industry standard API for shared-memory programming},
  author={Dagum, Leonardo and Menon, Ramesh},
  journal={IEEE computational science and engineering},
  volume={5},
  number={1},
  pages={46--55},
  year={1998},
  publisher={IEEE}
}

@article{council2008tpc,
  title={TPC-H benchmark specification},
  author={Council, Transaction Processing Performance},
  journal={Published at http://www. tcp. org/hspec. html},
  volume={21},
  pages={592--603},
  year={2008}
}


@article{gropp1996high,
  title={A high-performance, portable implementation of the MPI message passing interface standard},
  author={Gropp, William and Lusk, Ewing and Doss, Nathan and Skjellum, Anthony},
  journal={Parallel computing},
  volume={22},
  number={6},
  pages={789--828},
  year={1996},
  publisher={Elsevier}
}

@article{stonebraker1990third,
  title={Third-generation database system manifesto},
  author={Stonebraker, Michael and Rowe, Lawrence A and Lindsay, Bruce G and Gray, Jim and Carey, Michael J and Brodie, Michael L and Bernstein, Philip A and Beech, David},
  journal={ACM SIGMOD record},
  volume={19},
  number={3},
  pages={31--44},
  year={1990},
  publisher={ACM}
}

@inproceedings{nguyen2016yak,
  title={Yak: A High-Performance Big-Data-Friendly Garbage Collector.},
  author={Nguyen, Khanh and Fang, Lu and Guoqing (Harry) Xu and Demsky, Brian and Lu, Shan and Alamian, Sanazsadat and Mutlu, Onur},
  booktitle={OSDI},
  pages={349--365},
  year={2016}
}

@inproceedings{bruno2017ng2c,
  title={NG2C: pretenuring garbage collection with dynamic generations for HotSpot big data applications},
  author={Bruno, Rodrigo and Oliveira, Lu{\i}s Picciochi and Ferreira, Paulo},
  booktitle={Proceedings of the 2017 ACM SIGPLAN International Symposium on Memory Management},
  pages={2--13},
  year={2017},
  organization={ACM}
}

@article{lebanon2006metric,
  title={Metric learning for text documents},
  author={Lebanon, Guy},
  journal={IEEE Transactions on Pattern Analysis and Machine Intelligence},
  volume={28},
  number={4},
  pages={497--508},
  year={2006},
  publisher={IEEE}
}

@inproceedings{stonebraker2011architecture,
  title={The architecture of SciDB},
  author={Stonebraker, Michael and Brown, Paul and Poliakov, Alex and Raman, Suchi},
  booktitle={Scientific and Statistical Database Management},
  pages={1--16},
  year={2011},
  organization={Springer}
}

@inproceedings{littman1995complexity,
  title={On the complexity of solving Markov decision problems},
  author={Littman, Michael L and Dean, Thomas L and Kaelbling, Leslie Pack},
  booktitle={Proceedings of the Eleventh conference on Uncertainty in artificial intelligence},
  pages={394--402},
  year={1995},
  organization={Morgan Kaufmann Publishers Inc.}
}

@inproceedings{kocsis2006bandit,
  title={Bandit based monte-carlo planning},
  author={Kocsis, Levente and Szepesv{\'a}ri, Csaba},
  booktitle={ECML},
  volume={6},
  pages={282--293},
  year={2006},
  organization={Springer}
}


@inproceedings{maas2015trash,
  title={Trash Day: Coordinating Garbage Collection in Distributed Systems.},
  author={Maas, Martin and Harris, Tim and Asanovic, Krste and Kubiatowicz, John},
  booktitle={HotOS},
  year={2015}
}

@article{gog2015broom,
  title={Broom: Sweeping out garbage collection from big data systems},
  author={Gog, Ionel and Giceva, Jana and Schwarzkopf, Malte and Vaswani, Kapil and Vytiniotis, Dimitrios and Ramalingan, Ganesan and Costa, Manuel and Murray, Derek and Hand, Steven and Isard, Michael},
  journal={Young},
  volume={4},
  pages={8},
  year={2015}
}

@inproceedings{horvath2017code,
  title={Code Generation in Serializers and Comparators of Apache Flink},
  author={Horv{\'a}th, G{\'a}bor and Pataki, Norbert and Balassi, M{\'a}rton},
  booktitle={Proceedings of the 12th Workshop on Implementation, Compilation, Optimization of Object-Oriented Languages, Programs and Systems},
  pages={5},
  year={2017},
  organization={ACM}
}

@inproceedings{miller2013instant,
  title={Instant pickles: generating object-oriented pickler combinators for fast and extensible serialization},
  author={Miller, Heather and Haller, Philipp and Burmako, Eugene and Odersky, Martin},
  booktitle={ACM Sigplan Notices},
  volume={48},
  number={10},
  pages={183--202},
  year={2013},
  organization={ACM}
}

@inproceedings{murray2013naiad,
  title={Naiad: a timely dataflow system},
  author={Murray, Derek G and McSherry, Frank and Isaacs, Rebecca and Isard, Michael and Barham, Paul and Abadi, Mart{\'\i}n},
  booktitle={Proceedings of the Twenty-Fourth ACM Symposium on Operating Systems Principles},
  pages={439--455},
  year={2013},
  organization={ACM}
}

@inproceedings{borkar2011hyracks,
  title={Hyracks: A flexible and extensible foundation for data-intensive computing},
  author={Borkar, Vinayak and Carey, Michael and Grover, Raman and Onose, Nicola and Vernica, Rares},
  booktitle={Data Engineering (ICDE), 2011 IEEE 27th International Conference on},
  pages={1151--1162},
  year={2011},
  organization={IEEE}
}




@article{blei2003latent,
  title={Latent dirichlet allocation},
  author={Blei, David M and Ng, Andrew Y and Jordan, Michael I},
  journal={Journal of machine Learning research},
  volume={3},
  number={Jan},
  pages={993--1022},
  year={2003}
}


@inproceedings{dave2016graphframes,
  title={Graphframes: an integrated api for mixing graph and relational queries},
  author={Dave, Ankur and Jindal, Alekh and Li, Li Erran and Xin, Reynold and Gonzalez, Joseph and Zaharia, Matei},
  booktitle={Proceedings of the Fourth International Workshop on Graph Data Management Experiences and Systems},
  pages={2},
  year={2016},
  organization={ACM}
}

@inproceedings{tian2012scalable,
  title={Scalable and numerically stable descriptive statistics in systemml},
  author={Tian, Yuanyuan and Tatikonda, Shirish and Reinwald, Berthold},
  booktitle={Data Engineering (ICDE), 2012 IEEE 28th International Conference on},
  pages={1351--1359},
  year={2012},
  organization={IEEE}
}

@inproceedings{codd1971data,
  title={A data base sublanguage founded on the relational calculus},
  author={Codd, Edgar F},
  booktitle={Proceedings of the 1971 ACM SIGFIDET (now SIGMOD) Workshop on Data Description, Access and Control},
  pages={35--68},
  year={1971},
  organization={ACM}
}

@inproceedings{ousterhout2015making,
  title={Making Sense of Performance in Data Analytics Frameworks.},
  author={Ousterhout, Kay and Rasti, Ryan and Ratnasamy, Sylvia and Shenker, Scott and Chun, Byung-Gon and ICSI, V},
  booktitle={NSDI},
  volume={15},
  pages={293--307},
  year={2015}
}

@article{tofte1997region,
  title={Region-based memory management},
  author={Tofte, Mads and Talpin, Jean-Pierre},
  journal={Information and computation},
  volume={132},
  number={2},
  pages={109--176},
  year={1997},
  publisher={Elsevier}
}

@article{grossman2002region,
  title={Region-based memory management in Cyclone},
  author={Grossman, Dan and Morrisett, Greg and Jim, Trevor and Hicks, Michael and Wang, Yanling and Cheney, James},
  journal={ACM Sigplan Notices},
  volume={37},
  number={5},
  pages={282--293},
  year={2002},
  publisher={ACM}
}

@book{graefe1990encapsulation,
  title={Encapsulation of parallelism in the Volcano query processing system},
  author={Graefe, Goetz},
  volume={19},
  number={2},
  year={1990},
  publisher={ACM}
}


@article{abadi2009column,
  title={Column-oriented database systems},
  author={Abadi, Daniel J and Boncz, Peter A and Harizopoulos, Stavros},
  journal={Proceedings of the VLDB Endowment},
  volume={2},
  number={2},
  pages={1664--1665},
  year={2009},
  publisher={VLDB Endowment}
}

@inproceedings{boncz2005monetdb,
  title={MonetDB/X100: Hyper-Pipelining Query Execution.},
  author={Boncz, Peter A and Zukowski, Marcin and Nes, Niels},
  booktitle={Cidr},
  volume={5},
  pages={225--237},
  year={2005}
}

@article{zukowski2005monetdb,
  title={MonetDB/X100-A DBMS In The CPU Cache.},
  author={Zukowski, Marcin and Boncz, Peter A and Nes, Niels and H{\'e}man, S{\'a}ndor},
  journal={IEEE Data Eng. Bull.},
  volume={28},
  number={2},
  pages={17--22},
  year={2005}
}

@article{idreos2012monetdb,
  title={MonetDB: Two decades of research in column-oriented database architectures},
  author={Idreos, Stratos and Groffen, Fabian and Nes, Niels and Manegold, Stefan and Mullender, Sjoerd and Kersten, Martin and others},
  journal={A Quarterly Bulletin of the IEEE Computer Society Technical Committee on Database Engineering},
  volume={35},
  number={1},
  pages={40--45},
  year={2012}
}

@article{neumann2011efficiently,
  title={Efficiently compiling efficient query plans for modern hardware},
  author={Neumann, Thomas},
  journal={Proceedings of the VLDB Endowment},
  volume={4},
  number={9},
  pages={539--550},
  year={2011},
  publisher={VLDB Endowment}
}

@article{nagel2014code,
  title={Code generation for efficient query processing in managed runtimes},
  author={Nagel, Fabian and Bierman, Gavin and Viglas, Stratis D},
  journal={Proceedings of the VLDB Endowment},
  volume={7},
  number={12},
  pages={1095--1106},
  year={2014},
  publisher={VLDB Endowment}
}

@article{bress2017generating,
  title={Generating Custom Code for Efficient Query Execution on Heterogeneous Processors},
  author={Bre{\ss}, Sebastian and K{\"o}cher, Bastian and Funke, Henning and Rabl, Tilmann and Markl, Volker},
  journal={arXiv preprint arXiv:1709.00700},
  year={2017}
}

@inproceedings{mnih2016asynchronous,
  title={Asynchronous methods for deep reinforcement learning},
  author={Mnih, Volodymyr and Badia, Adria Puigdomenech and Mirza, Mehdi and Graves, Alex and Lillicrap, Timothy and Harley, Tim and Silver, David and Kavukcuoglu, Koray},
  booktitle={International Conference on Machine Learning},
  pages={1928--1937},
  year={2016}
}

@inproceedings{dean2012large,
  title={Large scale distributed deep networks},
  author={Dean, Jeffrey and Corrado, Greg and Monga, Rajat and Chen, Kai and Devin, Matthieu and Mao, Mark and Senior, Andrew and Tucker, Paul and Yang, Ke and Le, Quoc V and others},
  booktitle={Advances in neural information processing systems},
  pages={1223--1231},
  year={2012}
}


@inproceedings{lattner2004llvm,
  title={LLVM: A compilation framework for lifelong program analysis \& transformation},
  author={Lattner, Chris and Adve, Vikram},
  booktitle={Proceedings of the international symposium on Code generation and optimization: feedback-directed and runtime optimization},
  pages={75},
  year={2004},
  organization={IEEE Computer Society}
}

@phdthesis{lattner2002llvm,
  title={LLVM: An infrastructure for multi-stage optimization},
  author={Lattner, Chris Arthur},
  year={2002},
  school={University of Illinois at Urbana-Champaign}
}

@inproceedings{alexandrov2015implicit,
  title={Implicit parallelism through deep language embedding},
  author={Alexandrov, Alexander and Kunft, Andreas and Katsifodimos, Asterios and Sch{\"u}ler, Felix and Thamsen, Lauritz and Kao, Odej and Herb, Tobias and Markl, Volker},
  booktitle={Proceedings of the 2015 ACM SIGMOD International Conference on Management of Data},
  pages={47--61},
  year={2015},
  organization={ACM}
}

@article{chen1993hilog,
  title={HiLog: A foundation for higher-order logic programming},
  author={Chen, Weidong and Kifer, Michael and Warren, David S},
  journal={The Journal of Logic Programming},
  volume={15},
  number={3},
  pages={187--230},
  year={1993},
  publisher={Elsevier}
}


@book{barendregt1984lambda,
  title={The lambda calculus},
  author={Barendregt, Hendrik Pieter and others},
  volume={2},
  year={1984},
  publisher={North-Holland Amsterdam}
}


@inproceedings{moggi1989computational,
  title={Computational lambda-calculus and monads},
  author={Moggi, Eugenio},
  booktitle={Logic in Computer Science, 1989. LICS'89, Proceedings., Fourth Annual Symposium on},
  pages={14--23},
  year={1989},
  organization={IEEE}
}


@article{miller1991logic,
  title={A logic programming language with lambda-abstraction, function variables, and simple unification},
  author={Miller, Dale},
  journal={Journal of logic and computation},
  volume={1},
  number={4},
  pages={497--536},
  year={1991},
  publisher={Oxford University Press}
}

@inproceedings{chaudhuri1998overview,
  title={An overview of query optimization in relational systems},
  author={Chaudhuri, Surajit},
  booktitle={Proceedings of the seventeenth ACM SIGACT-SIGMOD-SIGART symposium on Principles of database systems},
  pages={34--43},
  year={1998},
  organization={ACM}
}

@article{graefe1995cascades,
  title={The cascades framework for query optimization},
  author={Graefe, Goetz},
  journal={IEEE Data Eng. Bull.},
  volume={18},
  number={3},
  pages={19--29},
  year={1995}
}


@article{jarke1984query,
  title={Query optimization in database systems},
  author={Jarke, Matthias and Koch, Jurgen},
  journal={ACM Computing surveys (CsUR)},
  volume={16},
  number={2},
  pages={111--152},
  year={1984},
  publisher={ACM}
}


@book{josuttis2012c++,
  title={The C++ standard library: a tutorial and reference},
  author={Josuttis, Nicolai M},
  year={2012},
  publisher={Addison-Wesley}
}

@inproceedings{selinger1979access,
  title={Access path selection in a relational database management system},
  author={Selinger, P Griffiths and Astrahan, Morton M and Chamberlin, Donald D and Lorie, Raymond A and Price, Thomas G},
  booktitle={Proceedings of the 1979 ACM SIGMOD international conference on Management of data},
  pages={23--34},
  year={1979},
  organization={ACM}
}

@inproceedings{graefe1993volcano,
  title={The Volcano optimizer generator: Extensibility and efficient search},
  author={Graefe, Goetz and McKenna, William J},
  booktitle={Data Engineering, 1993. Proceedings. Ninth International Conference on},
  pages={209--218},
  year={1993},
  organization={IEEE}
}

@inproceedings{calvanese1998decidability,
  title={On the decidability of query containment under constraints},
  author={Calvanese, Diego and De Giacomo, Giuseppe and Lenzerini, Maurizio},
  booktitle={Proceedings of the seventeenth ACM SIGACT-SIGMOD-SIGART symposium on Principles of database systems},
  pages={149--158},
  year={1998},
  organization={ACM}
}

@inproceedings{kolaitis1998conjunctive,
  title={Conjunctive-query containment and constraint satisfaction},
  author={Kolaitis, Phokion G and Vardi, Moshe Y},
  booktitle={Proceedings of the seventeenth ACM SIGACT-SIGMOD-SIGART symposium on Principles of database systems},
  pages={205--213},
  year={1998},
  organization={ACM}
}

@article{cassandra1998exact,
  title={Exact and approximate algorithms for partially observable Markov decision processes},
  author={Cassandra, Anthony Rocco},
  year={1998},
  publisher={Citeseer}
}

@article{white1991survey,
  title={A survey of solution techniques for the partially observed Markov decision process},
  author={White, Chelsea C},
  journal={Annals of Operations Research},
  volume={32},
  number={1},
  pages={215--230},
  year={1991},
  publisher={Springer}
}

@article{rusu2015workload,
  title={Workload-Driven Antijoin Cardinality Estimation},
  author={Rusu, Florin and Zhuang, Zixuan and Wu, Mingxi and Jermaine, Chris},
  journal={ACM Transactions on Database Systems (TODS)},
  volume={40},
  number={3},
  pages={16},
  year={2015},
  publisher={ACM}
}


@article{mnih2015human,
  title={Human-level control through deep reinforcement learning},
  author={Mnih, Volodymyr and Kavukcuoglu, Koray and Silver, David and Rusu, Andrei A and Veness, Joel and Bellemare, Marc G and Graves, Alex and Riedmiller, Martin and Fidjeland, Andreas K and Ostrovski, Georg and others},
  journal={Nature},
  volume={518},
  number={7540},
  pages={529--533},
  year={2015},
  publisher={Nature Research}
}

@article{lillicrap2015continuous,
  title={Continuous control with deep reinforcement learning},
  author={Lillicrap, Timothy P and Hunt, Jonathan J and Pritzel, Alexander and Heess, Nicolas and Erez, Tom and Tassa, Yuval and Silver, David and Wierstra, Daan},
  journal={arXiv preprint arXiv:1509.02971},
  year={2015}
}

@article{mnih2013playing,
  title={Playing atari with deep reinforcement learning},
  author={Mnih, Volodymyr and Kavukcuoglu, Koray and Silver, David and Graves, Alex and Antonoglou, Ioannis and Wierstra, Daan and Riedmiller, Martin},
  journal={arXiv preprint arXiv:1312.5602},
  year={2013}
}

@book{silberschatz2014operating,
  title={Operating system concepts essentials},
  author={Silberschatz, Abraham and Galvin, Peter Baer and Gagne, Greg},
  year={2014},
  publisher={John Wiley \& Sons, Inc.}
}

@inproceedings{jermaineComplex,
  title={An Experimental Comparison of Complex Object Implementations for Big Data System},
  author={Sourav Sikdar and Kia Teymourian and Christopher Jermaine},
  booktitle={ACM Synposium on Cloud Computing},
  pages={523--534},
  year={2017},
  organization={ACM}
}

@inproceedings{jermaineVector,
  title={Scalable linear algebra on a relational database system},
  author={Luo, Shangyu and Gao, Zekai J and Gubanov, Michael and Perez, Luis L and Jermaine, Christopher},
  booktitle={Data Engineering (ICDE), 2017 IEEE 33rd International Conference on},
  pages={523--534},
  year={2017},
  organization={IEEE}
}

@inproceedings{jermaineBUDS,
  title={The BUDS Language for Distributed Bayesian Machine Learning},
  author={Gao, Zekai J and Luo, Shangyu and Perez, Luis L and Jermaine, Chris},
  booktitle={Proceedings of the 2017 ACM International Conference on Management of Data},
  pages={961--976},
  year={2017},
  organization={ACM}
}

@inproceedings{jermaineUDF,
  title={Simulation of database-valued Markov chains using SimSQL},
  author={Cai, Zhuhua and Vagena, Zografoula and Perez, Luis and Arumugam, Subramanian and Haas, Peter J and Jermaine, Christopher},
  booktitle={Proceedings of the 2013 ACM SIGMOD International Conference on Management of Data},
  pages={637--648},
  year={2013},
  organization={ACM}
}

@inproceedings{li2014scaling,
  title={Scaling Distributed Machine Learning with the Parameter Server.},
  author={Li, Mu and Andersen, David G and Park, Jun Woo and Smola, Alexander J and Ahmed, Amr and Josifovski, Vanja and Long, James and Shekita, Eugene J and Su, Bor-Yiing},
  booktitle={OSDI},
  volume={1},
  number={10.4},
  pages={3},
  year={2014}
}


@inproceedings{ho2013more,
  title={More effective distributed ml via a stale synchronous parallel parameter server},
  author={Ho, Qirong and Cipar, James and Cui, Henggang and Lee, Seunghak and Kim, Jin Kyu and Gibbons, Phillip B and Gibson, Garth A and Ganger, Greg and Xing, Eric P},
  booktitle={Advances in neural information processing systems},
  pages={1223--1231},
  year={2013}
}

@inproceedings{buneman2007provenance,
  title={Provenance in databases},
  author={Buneman, Peter and Tan, Wang-Chiew},
  booktitle={Proceedings of the 2007 ACM SIGMOD international conference on Management of data},
  pages={1171--1173},
  year={2007},
  organization={ACM}
}

@techreport{widom2004trio,
  title={Trio: A system for integrated management of data, accuracy, and lineage},
  author={Widom, Jennifer},
  year={2004},
  institution={Stanford InfoLab}
}

@inproceedings{zaharia2013discretized,
  title={Discretized streams: Fault-tolerant streaming computation at scale},
  author={Zaharia, Matei and Das, Tathagata and Li, Haoyuan and Hunter, Timothy and Shenker, Scott and Stoica, Ion},
  booktitle={Proceedings of the Twenty-Fourth ACM Symposium on Operating Systems Principles},
  pages={423--438},
  year={2013},
  organization={ACM}
}

@inproceedings{chen2000niagaracq,
  title={NiagaraCQ: A scalable continuous query system for internet databases},
  author={Chen, Jianjun and DeWitt, David J and Tian, Feng and Wang, Yuan},
  booktitle={ACM SIGMOD Record},
  volume={29},
  number={2},
  pages={379--390},
  year={2000},
  organization={ACM}
}

@inproceedings{babcock2002models,
  title={Models and issues in data stream systems},
  author={Babcock, Brian and Babu, Shivnath and Datar, Mayur and Motwani, Rajeev and Widom, Jennifer},
  booktitle={Proceedings of the twenty-first ACM SIGMOD-SIGACT-SIGART symposium on Principles of database systems},
  pages={1--16},
  year={2002},
  organization={ACM}
}

@inproceedings{chandrasekaran2003telegraphcq,
  title={TelegraphCQ: continuous dataflow processing},
  author={Chandrasekaran, Sirish and Cooper, Owen and Deshpande, Amol and Franklin, Michael J and Hellerstein, Joseph M and Hong, Wei and Krishnamurthy, Sailesh and Madden, Samuel R and Reiss, Fred and Shah, Mehul A},
  booktitle={Proceedings of the 2003 ACM SIGMOD international conference on Management of data},
  pages={668--668},
  year={2003},
  organization={ACM}
}



@article{gupta1995maintenance,
  title={Maintenance of materialized views: Problems, techniques, and applications},
  author={Gupta, Ashish and Mumick, Inderpal Singh and others},
  journal={IEEE Data Eng. Bull.},
  volume={18},
  number={2},
  pages={3--18},
  year={1995}
}

@inproceedings{agrawal1997efficient,
  title={Efficient view maintenance at data warehouses},
  author={Agrawal, Divyakant and El Abbadi, Amr and Singh, Ambuj and Yurek, Tolga},
  booktitle={ACM SIGMOD Record},
  volume={26},
  number={2},
  pages={417--427},
  year={1997},
  organization={ACM}
}

@inproceedings{jermaineExperimental,
  title={A comparison of platforms for implementing and running very large scale machine learning algorithms},
  author={Cai, Zhuhua and Gao, Zekai J and Luo, Shangyu and Perez, Luis L and Vagena, Zografoula and Jermaine, Christopher},
  booktitle={Proceedings of the 2014 ACM SIGMOD international conference on Management of data},
  pages={1371--1382},
  year={2014},
  organization={ACM}
}

@inproceedings{brown2010overview,
  title={Overview of SciDB: large scale array storage, processing and analysis},
  author={Brown, Paul G},
  booktitle={Proceedings of the 2010 ACM SIGMOD International Conference on Management of data},
  pages={963--968},
  year={2010},
  organization={ACM}
}



@article{klonatos2014building,
title={Building efficient query engines in a high-level language},
  author={Klonatos, Yannis and Koch, Christoph and Rompf, Tiark and Chafi, Hassan},
  journal={Proceedings of the VLDB Endowment},
  volume={7},
  number={10},
  pages={853--864},
  year={2014},
  publisher={VLDB Endowment}
}

@article{ahmad2009dbtoaster,
  title={DBToaster: A SQL compiler for high-performance delta processing in main-memory databases},
  author={Ahmad, Yanif and Koch, Christoph},
  journal={Proceedings of the VLDB Endowment},
  volume={2},
  number={2},
  pages={1566--1569},
  year={2009},
  publisher={VLDB Endowment}
}


@article{carbone2015apache,
  title={Apache flink: Stream and batch processing in a single engine},
  author={Carbone, Paris and Katsifodimos, Asterios and Ewen, Stephan and Markl, Volker and Haridi, Seif and Tzoumas, Kostas},
  journal={Bulletin of the IEEE Computer Society Technical Committee on Data Engineering},
  volume={36},
  number={4},
  year={2015},
  publisher={IEEE Computer Society}
}


@misc{datasets,
  title = {datasets},
  howpublished = {\url{https://databricks.com/blog/2016/01/04/introducing-apache-spark-datasets.html}},
  note = {Accessed Sept 27, 2017}
}

@misc{mahout,
  title = {Mahout},
  howpublished = {\url{http://mahout.apache.org}},
  note = {Oct 22, 2016}
}

@misc{samsara,
  title = {Mahout Samsara},
  howpublished = {\url{https://mahout.apache.org/users/environment/out-of-core-reference.html}},
  note = {Oct 22, 2016}
}

@misc{SciDBOS,
  title = {SciDB's supported OS},
  howpublished = {\url{http://www.paradigm4.com/HTMLmanual/14.8/scidb_ug/pr01s01.html}},
  note = {Nov 1, 2017}
}

@misc{dj4j,
  title = {DL4J},
  howpublished = {\url{https://deeplearning4j.org/}},
  note = {Oct 1, 2017}
}

@misc{azure,
  title = {Azure Data Lake},
  howpublished = {\url{https://azure.microsoft.com/en-us/services/data-lake-analytics/}},
  note = {Accessed Oct 22, 2016}
}

@misc{Oracle,
  title = {Oracle UTL\_NLA},
  howpublished = {\url{https://docs.oracle.com/cd/B1930601/appdev.102/b14258/unla.htm#CIABEFIJ}},
  note = {Accessed Oct 22, 2016}
}

@misc{PostgreSQL,
  title = {PostgreSQL arrays},
  howpublished = {\url{http://www.postgresql.org/docs/9.1/static/arrays.html}},
  note = {Accessed Oct 22, 2016}
}

@misc{Eigen,
  title = {Eigen},
  howpublished = {\url{http://eigen.tuxfamily.org/index.php?title=Main_Page}},
  note = {Oct 1, 2017}
}



@misc{gsl,
  title = {GSL - GNU Scientific Library},
  howpublished = {\url{https://www.gnu.org/software/gsl/}},
  note = {Oct 1, 2017}
}

@misc{OpenBLAS,
  title = {OpenBLAS},
  howpublished = {\url{http://www.openblas.net/}},
  note = {Oct 1, 2017}
}

@misc{tungsten,
  title = {Project Tungsten Bringing Spark Closer to Bare MetalOpenBLAS},
  howpublished = {\url{https://databricks.com/blog/2015/04/28/project-tungsten-bringing-spark-closer-to-bare-metal.html}},
  note = {Oct 1, 2017}
}


@inproceedings{codd1971data,
  title={A data base sublanguage founded on the relational calculus},
  author={Codd, Edgar F},
  booktitle={Proceedings of the 1971 ACM SIGFIDET (now SIGMOD) Workshop on Data Description, Access and Control},
  pages={35--68},
  year={1971},
  organization={ACM}
}

@article{lunn2009bugs,
  title={The BUGS project: Evolution, critique and future directions},
  author={Lunn, David and Spiegelhalter, David and Thomas, Andrew and Best, Nicky},
  journal={Statistics in medicine},
  volume={28},
  number={25},
  pages={3049--3067},
  year={2009},
  publisher={Wiley Online Library}
}

@article{rusu2013survey,
  title={A survey on array storage, query languages, and systems},
  author={Rusu, Florin and Cheng, Yu},
  journal={arXiv preprint arXiv:1302.0103},
  year={2013}
}

@inproceedings{armbrust2015spark,
  title={Spark SQL: Relational data processing in spark},
  author={Armbrust, M. and others},
  booktitle={SIGMOD},
  pages={1383--1394},
  year={2015},
  organization={ACM}
}

@inproceedings{dean2012large,
  title={Large scale distributed deep networks},
  author={Dean et al, Jeffrey},
  booktitle={NIPS},
  pages={1223--1231},
  year={2012}
}

@inproceedings{bergstra2011theano,
  title={Theano: Deep learning on gpus with python},
  author={Bergstra et. al, James},
  booktitle={BigLearning Workshop},
  year={2011}
}

@article{abadi2016tensorflow,
  title={Tensorflow: Large-scale machine learning on heterogeneous distributed systems},
  author={Abadi, Mart{\'\i}n and Agarwal, Ashish and Barham, Paul and Brevdo, Eugene and Chen, Zhifeng and Citro, Craig and Corrado, Greg S and Davis, Andy and Dean, Jeffrey and Devin, Matthieu and others},
  journal={arXiv preprint arXiv:1603.04467},
  year={2016}
}

@article{abaditensorflow,
  title={TensorFlow: Large-scale machine learning on heterogeneous systems, 2015},
  author={Abadi et al, Mart{\i}n},
  journal={Software available from tensorflow.org}
}

@article{hueske2012opening,
  title={Opening the black boxes in data flow optimization},
  author={Hueske, Fabian and Peters, Mathias and Sax, Matthias J and Rheinl{\"a}nder, Astrid and Bergmann, Rico and Krettek, Aljoscha and Tzoumas, Kostas},
  journal={Proceedings of the VLDB Endowment},
  volume={5},
  number={11},
  pages={1256--1267},
  year={2012},
  publisher={VLDB Endowment}
}

@article{cornacchia2008ir,
 author = {Cornacchia, Roberto and H{\'e}man, S\'{a}ndor and Zukowski, Marcin and Vries, Arjen P. and Boncz, Peter},
 title = {Flexible and Efficient {IR} Using Array Databases},
 journal = {VLDBJ},
 issue_date = {January   2008},
 volume = {17},
 number = {1},
 month = jan,
 year = {2008},
 pages = {151--168},
 publisher = {VLDB Endowment},
}

@book{pohl1969first,
  title={First results on the effect of error in heuristic search},
  author={Pohl, Ira},
  year={1969},
  publisher={Edinburgh University, Department of Machine Intelligence and Perception}
}

@inproceedings{chaudhuri1998microsoft,
  title={Microsoft index turning wizard for {SQL} {S}erver 7.0},
  author={Chaudhuri, Surajit and Narasayya, Vivek},
  booktitle={SIGMOD},
  volume={27},
  number={2},
  pages={553--554},
  year={1998},
}

@article{andrieu2003introduction,
  title={An introduction to {MCMC} for machine learning},
  author={Andrieu, Christophe and De Freitas, Nando and Doucet, Arnaud and Jordan, Michael I},
  journal={Machine learning},
  volume={50},
  number={1-2},
  pages={5--43},
  year={2003},
  publisher={Springer}
}

@inproceedings{cai2014comparison,
  title={A comparison of platforms for implementing and running very large scale machine learning algorithms},
  author={Cai, Zhuhua and Gao, Zekai J and Luo, Shangyu and Perez, Luis L and Vagena, Zografoula and Jermaine, Christopher},
  booktitle={SIGMOD},
  pages={1371--1382},
  year={2014},
}

@inproceedings{cai2013simulation,
  title={Simulation of database-valued {M}arkov chains using {S}im{SQL}},
  author={Cai, Zhuhua and Vagena, Zografoula and Perez, Luis L and Arumugam, Subramanian and Haas, Peter J and Jermaine, Christopher},
  booktitle={SIGMOD},
  pages={637--648},
  year={2013},
}


@inproceedings{malewicz2010pregel,
  title={Pregel: a system for large-scale graph processing},
  author={Malewicz, Grzegorz and Austern, Matthew H and Bik, Aart JC and Dehnert, James C and Horn, Ilan and Leiser, Naty and Czajkowski, Grzegorz},
  booktitle={SIGMOD},
  pages={135--146},
  year={2010},
}


@article{low2014graphlab,
  title={Graph{L}ab: A new framework for parallel machine learning},
  author={Low, Yucheng and Gonzalez, Joseph E and Kyrola, Aapo and Bickson, Danny and Guestrin, Carlos E and Hellerstein, Joseph},
  journal={arXiv preprint arXiv:1408.2041},
  year={2014}
}

@inproceedings{van2004ram,
  title={{RAM}: a multidimensional array {DBMS}},
  author={van Ballegooij, Alex R},
  booktitle={Conf. on Current Trends in DB Tech.},
  pages={154--165},
  year={2004},
  organization={Springer-Verlag}
}

@inproceedings{tannen1992structural,
  title={Structural recursion as a query language},
  author={Tannen, Val and Buneman, Peter and Naqvi, Shamim},
  booktitle={DBPL},
  pages={9--19},
  year={1992},
  organization={Morgan Kaufmann Publishers Inc.}
}

@inproceedings{libkin1996query,
 author = {Libkin, Leonid and Machlin, Rona and Wong, Limsoon},
 title = {A Query Language for Multidimensional Arrays: Design, Implementation, and Optimization Techniques},
 booktitle = {SIGMOD},
 year = {1996},
 pages = {228--239},
}

@inproceedings{maier1993call,
  title={A call to order},
  author={Maier, David and Vance, Bennet},
  booktitle={PODS},
  pages={1--16},
  year={1993},
}

@article{hoffman2013uturn,
  author = {Matthew D. Hoffman and Andrew Gelman},
  year = {2013},
  title = {The No-{U}-Turn Sampler: Adaptively Setting Path Lengths
           in {H}amiltonian {M}onte {C}arlo},
  journal = {Journal of Machine Learning Research},
  volume = {15},
  number = {Apr},
  pages = {1593--1623}
}

@misc{infernet2012,
  author = {Minka, T. and Winn, J.M. and Guiver, J.P. and Knowles, D.A.},
  title = {{Infer.NET 2.5}},
  year = 2012,
  note = {Microsoft Research Cambridge. http://research.microsoft.com/infernet}
}

@inproceedings{mccallum2009factorie,
  title={Factorie: Probabilistic programming via imperatively defined factor graphs},
  author={McCallum, Andrew and Schultz, Karl and Singh, Sameer},
  booktitle={NIPS},
  pages={1249--1257},
  year={2009}
}

@inproceedings{deraedt2007problog,
  title={{ProbLog}: A Probabilistic {P}rolog and Its Application in Link Discovery.},
  author={De Raedt, Luc and Kimmig, Angelika and Toivonen, Hannu},
  booktitle={IJCAI},
  volume={7},
  pages={2462--2467},
  year={2007}
}

@inproceedings{goodman2008church,
  title = {Church: a language for generative models},
  author = {Noah D. Goodman and Vikash K. Mansinghka and Daniel M. Roy and Keith Bonawitz and Joshua B. Tenenbaum},
  booktitle = {Proc. UAI},
  year = {2008},
}

@article{blei2003lda,
  title={{L}atent {D}irichlet {A}llocation},
  author={Blei, David M and Ng, Andrew Y and Jordan, Michael I},
  journal={The Journal of Machine Learning Research},
  volume={3},
  pages={993--1022},
  year={2003},
}

@inproceedings{agrawal2000views,
 author = {Agrawal, Sanjay and Chaudhuri, Surajit and Narasayya, Vivek R.},
 title = {Automated Selection of Materialized Views and Indexes in SQL Databases},
 booktitle = {VLDB},
 year = {2000},
 pages = {496--505},
} 

@article{kossman2000cache,
 author = {Kossmann, Donald and Franklin, Michael J. and Drasch, Gerhard and Ag, Wig},
 title = {Cache investment: integrating query optimization and distributed data placement},
 journal = {TODS},
 volume = {25},
 number = {4},
 year = {2000},
 issn = {0362-5915},
 numpages = {42},
} 

@article{tibshirani1996lasso,
  title={Regression shrinkage and selection via the {L}asso},
  author={Tibshirani, Robert},
  journal={JRSS Series B (Methodological)},
  pages={267--288},
  year={1996},
}

@article{stonebraker2010cacm, 
  author = {Stonebraker, Michael and Abadi, Daniel and DeWitt, David J. and Madden, Sam and Paulson, Erik and Pavlo, Andrew and Rasin, Alexander}, 
  title = {{M}ap{R}educe and Parallel {DBMS}s: Friends or Foes?}, 
  journal = {CACM}, 
  volume = {53}, 
  number = {1}, 
  year = {2010}, 
  pages = {64--71}, 
 }

@inproceedings{pavlo09comparison, 
  author = {Pavlo, Andrew and Paulson, Erik and Rasin, Alexander and Abadi, Daniel J. and DeWitt, David J. and Madden, Samuel and Stonebraker, Michael}, 
  title = {A comparison of approaches to large-scale data analysis}, 
  booktitle = {SIGMOD}, 
  year = {2009}, 
  pages = {165--178}, 
  publisher = {ACM}, 
}

@inproceedings{low2012graphlab,
  title={Distributed {G}raph{L}ab: a framework for machine learning and data mining in the cloud},
  author={Low, Yucheng and Bickson, Danny and Gonzalez, Joseph and Guestrin, Carlos and Kyrola, Aapo and Hellerstein, Joseph M},
  journal={VLDB},
  volume={5},
  number={8},
  pages={716--727},
  year={2012},
  publisher={VLDB Endowment}
}

@article{merkel2014docker,
  title={Docker: lightweight linux containers for consistent development and deployment},
  author={Merkel, Dirk},
  journal={Linux Journal},
  volume={2014},
  number={239},
  pages={2},
  year={2014},
  publisher={Belltown Media}
}

@inproceedings{bittorf2015impala,
  title={Impala: A modern, open-source SQL engine for Hadoop},
  author={Bittorf, MKABV and Bobrovytsky, Taras and Erickson, Casey Ching Alan Choi Justin and Hecht, Martin Grund Daniel and Kuff, Matthew Jacobs Ishaan Joshi Lenni and Leblang, Dileep Kumar Alex and Robinson, Nong Li Ippokratis Pandis Henry and Rus, David Rorke Silvius and Wanderman, John Russell Dimitris Tsirogiannis Skye and Yoder, Milne Michael},
  booktitle={Proceedings of the 7th Biennial Conference on Innovative Data Systems Research},
  year={2015}
}


@article{boehm2014hybrid,
  title={Hybrid parallelization strategies for large-scale machine learning in SystemML},
  author={Boehm, Matthias and Tatikonda, Shirish and Reinwald, Berthold and Sen, Prithviraj and Tian, Yuanyuan and Burdick, Douglas R and Vaithyanathan, Shivakumar},
  journal={Proceedings of the VLDB Endowment},
  volume={7},
  number={7},
  pages={553--564},
  year={2014},
  publisher={VLDB Endowment}
}

@inproceedings{ghoting2011systemml,
  title={System{ML}: Declarative machine learning on MapReduce},
  author={Ghoting, Amol and Krishnamurthy, Rajasekar and Pednault, Edwin and Reinwald, Berthold and Sindhwani, Vikas and Tatikonda, Shirish and Tian, Yuanyuan and Vaithyanathan, Shivakumar},
  booktitle={ICDE},
  pages={231--242},
  year={2011},
}

@article{dempster1977maximum,
  title={Maximum likelihood from incomplete data via the {EM} algorithm},
  author={Dempster, Arthur P and Laird, Nan M and Rubin, Donald B},
  journal={Journal of the royal statistical society. Series B (methodological)},
  pages={1--38},
  year={1977},
  publisher={JSTOR}
}

@article{borkar2012declarative,
  title={Declarative Systems for Large-Scale Machine Learning.},
  author={Borkar, Vinayak R and others},
  journal={IEEE DEB},
  volume={35},
  number={2},
  pages={24--32},
  year={2012}
}

@article{hellerstein2012madlib,
  title={The {MAD}lib analytics library: or {MAD} skills, the {SQL}},
  author={Hellerstein, Joseph M and R{\'e}, Christoper and Schoppmann, Florian and Wang, Daisy Zhe and Fratkin, Eugene and Gorajek, Aleksander and Ng, Kee Siong and Welton, Caleb and Feng, Xixuan and Li, Kun and others},
  journal={VLDB},
  volume={5},
  number={12},
  pages={1700--1711},
  year={2012},
  publisher={VLDB Endowment}
}

@inproceedings{buck2011scihadoop,
  title={Sci{H}adoop: Array-based query processing in {H}adoop},
  author={Buck, Joe B and Watkins, Noah and LeFevre, Jeff and Ioannidou, Kleoni and Maltzahn, Carlos and Polyzotis, Neoklis and Brandt, Scott},
  booktitle={ACM SC},
  pages={66},
  year={2011},
}
@inproceedings{brown2010overview,
  title={Overview of {S}ci{DB}: large scale array storage, processing and analysis},
  author={Brown, Paul G},
  booktitle={SIGMOD},
  pages={963--968},
  year={2010},
}


@inproceedings{das2010ricardo,
  title={Ricardo: integrating {R} and {H}adoop},
  author={Das, Sudipto and Sismanis, Yannis and Beyer, Kevin S and Gemulla, Rainer and Haas, Peter J and McPherson, John},
  booktitle={SIGMOD},
  pages={987--998},
  year={2010},
}

@inproceedings{ching2011giraph,
  title={Giraph: Large-scale graph processing infrastructure on {H}adoop},
  author={Ching, Avery and Kunz, C},
  journal={Hadoop Summit},
  volume={6},
  number={29},
  pages={2011},
  year={2011}
}

@inproceedings{sujeeth2011optiml,
  title={Opti{ML}: an implicitly parallel domain-specific language for machine learning},
  author={Sujeeth, Arvind and Lee, HyoukJoong and Brown, Kevin and Rompf, Tiark and Chafi, Hassan and Wu, Michael and Atreya, Anand and Odersky, Martin and Olukotun, Kunle},
  booktitle={International Conference on Machine Learning (ICML)},
  pages={609--616},
  year={2011},
  organization={IMLS}
}

@inproceedings{cai2013simsql,
  title={Simulation of database-valued {M}arkov chains using {S}im{SQL}},
  author={Cai, Zhuhua and Vagena, Zografoula and Perez, Luis Leopoldo and Arumugam, Subramanian and Haas, Peter J and Jermaine, Christopher},
  booktitle={SIGMOD},
  pages={637--648},
  year={2013},
}

@article{alexandrov2014stratosphere,
  title={The {S}tratosphere platform for big data analytics},
  author={Alexandrov, Alexander and others},
  journal={VLDBJ},
  volume={23},
  number={6},
  pages={939--964},
  year={2014},
  publisher={Springer-Verlag New York, Inc.}
}

@inproceedings{alexandrov2015implicit,
  title={Implicit Parallelism through Deep Language Embedding},
  author={Alexandrov, Alexander and others},
  booktitle={SIGMOD},
  pages={47--61},
  year={2015},
}

@inproceedings{bancilhon1985magic,
  title={Magic sets and other strange ways to implement logic programs},
  author={Bancilhon, Francois and Maier, David and Sagiv, Yehoshua and Ullman, Jeffrey D},
  booktitle={PODS},
  pages={1--15},
  year={1985},
}

@book{kaagstrom1991gemm,
  title={GEMM-based level-3 BLAS},
  author={K{\aa}gstr{\"o}m, Bo and Van Loan, Charles F},
  year={1991},
  publisher={Cornell Theory Center, Cornell University}
}

@inproceedings{kennedy2007rise,
  title={The rise and fall of High Performance Fortran: an historical object lesson},
  author={Kennedy, Ken and Koelbel, Charles and Zima, Hans},
  booktitle={SIGPLAN conf. on History of PL},
  pages={7--1},
  year={2007},
  organization={ACM}
}

@inproceedings{yu2008dryadlinq,
  title={DryadLINQ: A System for General-Purpose Distributed Data-Parallel Computing Using a High-Level Language.},
  author={Yu, Yuan and others},
  booktitle={OSDI},
  volume={8},
  pages={1--14},
  year={2008}
}

@article{alsubaiee2014asterixdb,
  title={Asterix{DB}: A scalable, open source {BDMS}},
  author={Alsubaiee, Sattam and Altowim, Yasser and Altwaijry, Hotham and Behm, Alexander and Borkar, Vinayak and Bu, Yingyi and Carey, Michael and Cetindil, Inci and Cheelangi, Madhusudan and Faraaz, Khurram and others},
  journal={arXiv preprint arXiv:1407.0454},
  year={2014}
}

@inproceedings{zaharia2010spark,
  title={Spark: cluster computing with working sets},
  author={Zaharia, Matei and Chowdhury, Mosharaf and Franklin, Michael J and Shenker, Scott and Stoica, Ion},
  booktitle={USENIX HotCloud},
  pages={1--10},
  year={2010}
}

@article{codd1970relational,
  title={A relational model of data for large shared data banks},
  author={Codd, Edgar F},
  journal={CACM},
  volume={13},
  number={6},
  pages={377--387},
  year={1970},
}

@book{white2009hadoop,
  title={Hadoop: the definitive guide},
  author={White, Tom},
  year={2009},
  publisher={O'Reilly Media, Inc.}
}

@article{park2008lasso,
  title={The {B}ayesian {L}asso},
  author={Park, Trevor and Casella, George},
  journal={JASA},
  volume={103},
  number={482},
  pages={681--686},
  year={2008},
  publisher={Taylor \& Francis}
}

@inproceedings{huang2013cumulon,
  title={Cumulon: Optimizing statistical data analysis in the cloud},
  author={Huang, Botong and Babu, Shivnath and Yang, Jun},
  booktitle={SIGMOD},
  pages={1--12},
  year={2013},
}

@inproceedings{zhang2009riot,
  title={{RIOT}: {I}/{O}-Efficient Numerical Computing without {SQL}.},
  author={Zhang, Yi and Herodotou, Herodotos and Yang, Jun},
  booktitle={CIDR},
  year={2009}
}


@misc{stan2013,
  author = {{Stan Development Team}},
  year = {2013},
  title = {Stan: A {C}++ Library for Probability and Sampling,
           Version 2.1},
  url = {http://mc-stan.org/}
}


@article{buneman1994comp,
  title={Comprehension syntax},
  author={Buneman, Peter and Libkin, Leonid and Suciu, Dan and Tannen, Val and Wong, Limsoon},
  journal={SIGMOD Record},
  volume={23},
  pages={87--96},
  year={1994},
}

@inproceedings{zaharia2012resilient,
  title={Resilient distributed datasets: A fault-tolerant abstraction for in-memory cluster computing},
  author={Zaharia, Matei and et al.},
  booktitle={NSDI},
  pages={2--15},
  year={2012},
  organization={USENIX}
}

@inproceedings{zukowski2012vectorwise,
  title={Vectorwise: A vectorized analytical DBMS},
  author={Zukowski, Marcin and van de Wiel, Mark and Boncz, Peter},
  booktitle={Data Engineering (ICDE), 2012 IEEE 28th International Conference on},
  pages={1349--1350},
  year={2012},
  organization={IEEE}
  }

@article{klonatos2014building,
  title={Building efficient query engines in a high-level language},
  author={Klonatos, Yannis and Koch, Christoph and Rompf, Tiark and Chafi, Hassan},
  journal={Proceedings of the VLDB Endowment},
  volume={7},
  number={10},
  pages={853--864},
  year={2014},
  publisher={VLDB Endowment}
}

@article{pirk2016voodoo,
  title={Voodoo-a vector algebra for portable database performance on modern hardware},
  author={Pirk, Holger and Moll, Oscar and Zaharia, Matei and Madden, Sam},
  journal={Proceedings of the VLDB Endowment},
  volume={9},
  number={14},
  pages={1707--1718},
  year={2016},
  publisher={VLDB Endowment}
}

@article{dean2008mapreduce,
  title={MapReduce: Simplified data processing on large clusters},
  author={Dean, J. and Ghemawat, S.},
  journal={Communications of the ACM},
  volume={51},
  number={1},
  pages={107--113},
  year={2008},
  publisher={ACM}
}

@article{lu2016lifetime,
  title={Lifetime-Based Memory Management for Distributed Data Processing Systems},
  author={Lu, Lu and et al.},
  journal={VLDB},
  volume={9},
  number={12},
  pages={936--947},
  year={2016}
}



@inproceedings{newburn2011intel,
  title={Intel's Array Building Blocks: A retargetable, dynamic compiler and embedded language},
  author={Newburn, Chris J and So, Byoungro and Liu, Zhenying and McCool, Michael and Ghuloum, Anwar and Toit, Stefanus Du and Wang, Zhi Gang and Du, Zhao Hui and Chen, Yongjian and Wu, Gansha and others},
  booktitle={Proceedings of the 9th Annual IEEE/ACM International Symposium on Code Generation and Optimization},
  pages={224--235},
  year={2011},
  organization={IEEE Computer Society}
}

@article{blumofe1996cilk,
  title={Cilk: An efficient multithreaded runtime system},
  author={Blumofe, Robert D and Joerg, Christopher F and Kuszmaul, Bradley C and Leiserson, Charles E and Randall, Keith H and Zhou, Yuli},
  journal={Journal of parallel and distributed computing},
  volume={37},
  number={1},
  pages={55--69},
  year={1996},
  publisher={Elsevier}
}

@book{reinders2007intel,
  title={Intel threading building blocks: outfitting C++ for multi-core processor parallelism},
  author={Reinders, James},
  year={2007},
  publisher={" O'Reilly Media, Inc."}
}

@inproceedings{abadi2016tensorflow,
  title={TensorFlow: A System for Large-Scale Machine Learning.},
  author={Abadi, Mart{\'\i}n and Barham, Paul and Chen, Jianmin and Chen, Zhifeng and Davis, Andy and Dean, Jeffrey and Devin, Matthieu and Ghemawat, Sanjay and Irving, Geoffrey and Isard, Michael and others},
  booktitle={OSDI},
  volume={16},
  pages={265--283},
  year={2016}
}

@inproceedings{barrachina2008evaluation,
  title={Evaluation and tuning of the level 3 CUBLAS for graphics processors},
  author={Barrachina, Sergio and Castillo, Maribel and Igual, Francisco D and Mayo, Rafael and Quintana-Orti, Enrique S},
  booktitle={Parallel and Distributed Processing, 2008. IPDPS 2008. IEEE International Symposium on},
  pages={1--8},
  year={2008},
  organization={IEEE}
}

@inproceedings{bosagh2016matrix,
  title={Matrix computations and optimization in apache spark},
  author={Bosagh Zadeh, Reza and Meng, Xiangrui and Ulanov, Alexander and Yavuz, Burak and Pu, Li and Venkataraman, Shivaram and Sparks, Evan and Staple, Aaron and Zaharia, Matei},
  booktitle={Proceedings of the 22nd ACM SIGKDD International Conference on Knowledge Discovery and Data Mining},
  pages={31--38},
  year={2016},
  organization={ACM}
}


@article{borthakur2008hdfs,
  title={HDFS architecture guide},
  author={Borthakur, Dhruba},
  journal={HADOOP APACHE PROJECT http://hadoop. apache. org/common/docs/current/hdfs design. pdf},
  year={2008}
}

@inproceedings{li2014tachyon,
  title={Tachyon: Reliable, memory speed storage for cluster computing frameworks},
  author={Li, Haoyuan and et al.},
  booktitle={SOCC},
  pages={1--15},
  year={2014}
}

@inproceedings{stonebraker2005c,
  title={C-store: a column-oriented DBMS},
  author={Stonebraker, Mike and Abadi, Daniel J and Batkin, Adam and Chen, Xuedong and Cherniack, Mitch and Ferreira, Miguel and Lau, Edmond and Lin, Amerson and Madden, Sam and O'Neil, Elizabeth and others},
  booktitle={Proceedings of the 31st international conference on Very large data bases},
  pages={553--564},
  year={2005},
  organization={VLDB Endowment}
}

@inproceedings{bacon2017spanner,
  title={Spanner: Becoming a SQL System},
  author={Bacon, David F and Bales, Nathan and Bruno, Nico and Cooper, Brian F and Dickinson, Adam and Fikes, Andrew and Fraser, Campbell and Gubarev, Andrey and Joshi, Milind and Kogan, Eugene and others},
  booktitle={Proceedings of the 2017 ACM International Conference on Management of Data},
  pages={331--343},
  year={2017},
  organization={ACM}
}

@inproceedings{kale1993charm++,
  title={CHARM++: a portable concurrent object oriented system based on C++},
  author={Kale, Laxmikant V and Krishnan, Sanjeev},
  booktitle={ACM Sigplan Notices},
  volume={28},
  number={10},
  pages={91--108},
  year={1993},
  organization={ACM}
}

@article{shi2015clash,
  title={Clash of the titans: Mapreduce vs. spark for large scale data analytics},
  author={Shi, Juwei and Qiu, Yunjie and Minhas, Umar Farooq and Jiao, Limei and Wang, Chen and Reinwald, Berthold and {\"O}zcan, Fatma},
  journal={Proceedings of the VLDB Endowment},
  volume={8},
  number={13},
  pages={2110--2121},
  year={2015},
  publisher={VLDB Endowment}
}

@inproceedings{blackburn2006dacapo,
  title={The DaCapo benchmarks: Java benchmarking development and analysis},
  author={Blackburn, Stephen M and Garner, Robin and Hoffmann, Chris and Khang, Asjad M and McKinley, Kathryn S and Bentzur, Rotem and Diwan, Amer and Feinberg, Daniel and Frampton, Daniel and Guyer, Samuel Z and others},
  booktitle={ACM Sigplan Notices},
  volume={41},
  number={10},
  pages={169--190},
  year={2006},
  organization={ACM}
}

@inproceedings{hertz2005quantifying,
  title={Quantifying the performance of garbage collection vs. explicit memory management},
  author={Hertz, Matthew and Berger, Emery D},
  booktitle={ACM SIGPLAN Notices},
  volume={40},
  number={10},
  pages={313--326},
  year={2005},
  organization={ACM}
}

@inproceedings{SikdarSoCC2017,
 author = {Sikdar, Sourav and Teymourian, Kia and Jermaine, Chris},
 title = {An Experimental Comparison of Complex Object Implementations
for Big Data Systems},
 booktitle = {Proceedings of the 2017 Symposium on Cloud Computing},
 series = {SoCC '17},
 year = {2017},
 pages = {432--444},
 publisher = {ACM},
}